@article{Aleiferis2010,
author = {Aleiferis, P. G. and Serras-Pereira, J. and Augoye, A. and Davies, T. J. and Cracknell, R. F. and Richardson, D.},
doi = {10.1016/j.ijheatmasstransfer.2010.06.033},
isbn = {0017-9310},
issn = {00179310},
journal = {International Journal of Heat and Mass Transfer},
keywords = {Butanol,Cavitation,Ethanol,Flash-boiling,Gasoline direct-injection},
number = {21-22},
pages = {4588--4606},
title = {{Effect of fuel temperature on in-nozzle cavitation and spray formation of liquid hydrocarbons and alcohols from a real-size optical injector for direct-injection spark-ignition engines}},
volume = {53},
year = {2010}
}
@article{Andriotis2008,
author = {Andriotis, A. and Gavauses, M. and Arcoumanis, C.},
doi = {10.1017/S0022112008002668},
isbn = {0022112008002},
issn = {0022-1120},
journal = {Journal of Fluid Mechanics},
number = {August 2008},
pages = {195--215},
title = {{Vortex flow and cavitation in diesel injector nozzles}},
volume = {610},
year = {2008}
}
@misc{Blank2012,
 editor = {Blank, Rebecca},
 title = {U.S. Department of Commerce, Census Bureau, Foreign Trade Division, \
Merchandise Trade},
 url = {http://www.census.gov/foreign-trade},
 lastchecked = {01.01.2012},
 originalyear = {01.01.2012}
}
@article{Blessing2003,
author = {Blessing, M. and K{\"{o}}nig, G. and Kr{\"{u}}ger, C. and Michels, U. and Schwarz, V.},
doi = {10.4271/2003-01-1358},
isbn = {1860583997},
issn = {1356-1448},
journal = {SAE Technical Paper 2003-01-1358},
title = {{Analysis of flow and cavitation phenomena in diesel injection nozzles and its effects on spray and mixture formation}},
year = {2003}
}
@article{Duke2014,
author = {Duke, D. and Swantek, A. and Tilocco, Z. and Kastengren, A. and Fezzaa, K. and Neroorkar, K. and Moulai, M. and Powell, C. and Schmidt, D.},
doi = {10.4271/2014-01-1404},
issn = {19463944},
journal = {SAE Int. J. Engines},
pages = {1003--1016},
title = {{X-ray Imaging of Cavitation in Diesel Injectors}},
url = {http://dx.doi.org/10.4271/2014-01-1404},
volume = {7},
year = {2014}
}
@inproceedings{Falgout2015,
address = {Raleigh, NC, USA},
author = {Falgout, Z. and Linne, M.},
booktitle = {ILASS - Americas, 27th Annual Conference on Liquid Atomization and Spray Systems},
title = {{Design Method for Optically Transmissive Nozzles for High-Pressure Experimental Fuel Injectors Department of Applied Mechanics Chalmers University Gothenburg 41296 SE}},
year = {2015}
}
@article{Falgout2016,
author = {Falgout, Z. and Linne, M.},
doi = {10.1063/1.4960402},
issn = {10897623},
journal = {Review of Scientific Instruments},
number = {8},
title = {{Novel design for transparent high-pressure fuel injector nozzles}},
volume = {87},
year = {2016}
}
@article{Fansler2015,
author = {Fansler, T.D. and Parrish, S.E.},
doi = {10.1088/0957-0233/26/1/012002},
issn = {0957-0233},
journal = {Measurement Science and Technology},
keywords = {atomization,droplet,in colour only in,liquid,optical diagnostics,some figures may appear,spray-wall interaction,sprays,the online journal,vapor},
number = {1},
pages = {012002},
title = {{Spray measurement technology: a review}},
url = {http://stacks.iop.org/0957-0233/26/i=1/a=012002?key=crossref.a51a57d78742e5d88aea3d6f06688efc},
volume = {26},
year = {2015}
}
@article{Giannadakis2008,
author = {Giannadakis, E. and Gavaises, M. and Arcoumanis, C.},
doi = {10.1017/S0022112008003777},
isbn = {0022112008002},
issn = {0022-1120},
journal = {Journal of Fluid Mechanics},
number = {September},
pages = {153},
title = {{Modelling of cavitation in diesel injector nozzles}},
volume = {616},
year = {2008}
}
@inproceedings{Habchi2015,
address = {Lausanne, Switzerland},
author = {Habchi, C. and Bohbot, J. and Schmid, A. and Herrmann, K.},
booktitle = {Journal of Physics: Conference Series},
doi = {10.1088/1742-6596/656/1/012084},
issn = {1742-6588},
pages = {012084},
title = {{A comprehensive Two-Fluid Model for Cavitation and Primary Atomization Modelling of liquid jets - Application to a large marine Diesel injector}},
url = {http://stacks.iop.org/1742-6596/656/i=1/a=012084?key=crossref.b5dc3d41b61bfaa06f28f987fb223798},
volume = {656},
year = {2015}
}
@inproceedings{Habchi2014,
address = {Bremen, Germany},
author = {Habchi, C. and Gillet, N. and Velghe, A. and Bohbot, J. and Schmid, A. and von Rotz, B. and Herrmann, K. and Energies, I F P and Bois-pr{\'{e}}au, De},
booktitle = {ILASS Europe, 26th Annual Conference on Liquid Atomization and Spray Systems},
pages = {8--10},
title = {{On the role of Cavitation in Marine Large Diesel injector : Numerical investigation of nozzle orifices eccentricity}},
year = {2014}
}
@inproceedings{Herrmann2011,
address = {Kobe, Japan},
author = {Herrmann, K. and von Rotz, B. and Schulz, R. and Weisser, G. and Schneider, B. and Boulouchos, K.},
booktitle = {Proceedings of the International Symposium on Marine Engineering (ISME)2},
title = {{A "spray combustion chamber" facility for investigations in relation to large 2-stroke marine diesel engine combustion system optimization}},
year = {2011}
}
@article{Hult2016,
author = {Hult, J. and Simmank, P. and Matlok, S. and Mayer, S. and Falgout, Z. and Linne, M.},
doi = {10.1007/s00348-016-2134-8},
isbn = {1432-1114},
issn = {07234864},
journal = {Experiments in Fluids},
number = {4},
pages = {1--19},
title = {{Interior flow and near-nozzle spray development in a marine-engine diesel fuel injector}},
volume = {57},
year = {2016}
}
@article{Linne2013,
author = {Linne, M.},
doi = {10.1016/j.pecs.2013.06.001},
isbn = {0360-1285},
issn = {03601285},
journal = {Progress in Energy and Combustion Science},
keywords = {Dense regions,Imaging,Spray formation},
number = {5},
pages = {403--440},
title = {{Imaging in the optically dense regions of a spray: A review of developing techniques}},
volume = {39},
year = {2013}
}
@article{Linne2006,
author = {Linne, M. and Paciaroni, M. and Hall, T. and Parker, T.},
doi = {10.1007/s00348-006-0122-0},
issn = {07234864},
journal = {Experiments in Fluids},
number = {6},
pages = {836--846},
title = {{Ballistic imaging of the near field in a diesel spray}},
volume = {40},
year = {2006}
}
@article{Linne2010,
author = {Linne, M. and Sedarsky, D. and Meyer, T. and Gord, J. and Carter, C.},
doi = {10.1007/s00348-010-0883-3},
isbn = {0723-4864},
issn = {07234864},
journal = {Experiments in Fluids},
number = {4},
pages = {911--923},
title = {{Ballistic imaging in the near-field of an effervescent spray}},
volume = {49},
year = {2010}
}
@article{Oeder2015,
author = {Oeder, Sebastian, and Kanashova, Tamara, and Sippula, Olli, and Sapcariu, Sean C, and Streibel, Thorsten, and Arteaga-Salas, Jose Manuel},
doi = {10.1371/journal.pone.0126536},
journal = {PLoS One},
number = {6},
title = {{Particulate Matter from Both Heavy Fuel Oil and Diesel Fuel Shipping Emissions Show Strong Biological Effects on Human Lung Cells at Realistic and Comparable In Vitro Exposure Conditions}},
volume = {10},
year = {2015}
}
@inproceedings{Nagy2015,
address = {Tainan, Taiwan},
author = {Nagy, I.G. and Schmid, A. and Hensel, S. and Dahnz, C.},
booktitle = {ICALSS 2015, 13th Triennial International Conference on Liquid Atomization and Spray Systems},
month = {aug},
title = {{Computational analysis of spray primary breakup in 2-stroke marine diesel engines with different nozzle layouts}},
year = {2015}
}
@inproceedings{Schmid2014,
address = {Bremen, Germany},
author = {Schmid, A. and Habchi, C. and Bohbot, J. and von Rotz, B. and Herrmann, K. and Bombach, R. and Weisser, G.},
booktitle = {ILASS - Europe 2014, 26th European Conference on Liquid Atomization and Spray Systems},
month = {sep},
pages = {1--11},
title = {{Influence of in-nozzle flow on spray morphology}},
year = {2014}
}
@inproceedings{Schmid2013,
address = {Chania, Greece},
author = {Schmid, A. and von Rotz, B. and Schulz, R. and Herrmann, K. and Weisser, G. and Bombach, R.},
booktitle = {ILASS - Europe 2013, 25th European Conference on Liquid Atomization and Spray Systems},
month = {sep},
pages = {1--8},
title = {{Influence of nozzle hole eccentricity on spray morphology}},
year = {2013}
}
@article{Watanabe2014,
author = {Watanabe, S. and Enomoto, K. and Yamamoto, Y. and Hara, Y.},
doi = {10.1115/FEDSM2014-21902},
isbn = {9780791846261},
issn = {08888116},
journal = {4th Joint US-European Fluids Engineering Summer Meeting},
pages = {1--9},
title = {{Thermal and dissolved gas effects on cavitation in a 2-D convergent divergent nozzle flow}},
year = {2014}
}
